@inproceedings{google,
title = {Source-Side Classifier Preordering for Machine Translation},
author  = {Lerner, Uri and Petrov, Slav},
year  = 2013,
booktitle = {Proc. of EMNLP '13}
}
@MISC{short,
    author = {Rottmann, Kay and Vogel, Stephan},
    title = {Word Reordering in Statistical Machine Translation with a POS-Based Distortion Model},
    year = {}
}
@MISC{long,
    author = {Niehues, Jan and Kolss, Muntsin},
    title = {A POS-Based Model for Long-Range Reorderings in SMT},
    year = {}
}
@MISC{tree,
    author = {Herrmann, Teresa and Weiner, Jochen and Niehues, Jan and Waibel, Alex},
    title = {Analyzing the Potential of Source Sentence Reordering in Statistical Machine Translation},
    year = {}
}
@InProceedings{combine,
  author    = {Herrmann, Teresa  and  Niehues, Jan  and  Waibel, Alex},
  title     = {Combining Word Reordering Methods on different Linguistic Abstraction Levels for Statistical Machine Translation},
  booktitle = {Proceedings of the Seventh Workshop on Syntax, Semantics and Structure in Statistical Translation},
  month     = {June},
  year      = {2013},
  address   = {Atlanta, Georgia},
  publisher = {Association for Computational Linguistics},
  pages     = {39--47},
  url       = {http://www.aclweb.org/anthology/W13-0805}
}
@article{metrics,
 author = {Birch, Alexandra and Osborne, Miles and Blunsom, Phil},
 title = {Metrics for MT Evaluation: Evaluating Reordering},
 journal = {Machine Translation},
 issue_date = {March 2010},
 volume = {24},
 number = {1},
 month = mar,
 year = {2010},
 issn = {0922-6567},
 Xpages = {15--26},
 numpages = {12},
 url = {http://dx.doi.org/10.1007/s10590-009-9066-5},
 doi = {10.1007/s10590-009-9066-5},
 acmid = {1842853},
 publisher = {Kluwer Academic Publishers},
 address = {Hingham, MA, USA},
 keywords = {BLEU, Human evaluation, METEOR, Machine translation, Metrics, Permutation distances, Reordering, TER}
}
@article{hier,
    title={Hierarchical phrase-based translation},
    author={Chiang, David},
    journal={computational linguistics},
    volume={33},
    number={2},
    pages={201--228},
    year={2007},
    publisher={MIT Press}
}

@ONLINE{wikismt,
    title = {Article "Statistical machine translation" from Wikipedia},
    url = {http://en.wikipedia.org/wiki/Statistical_machine_translation}
}

@book{koehn,
	title = {Statistical machine translation},
	author = {Koehn, Philipp},
	address = {Cambridge [u.a.]},
	publisher = {Cambridge Univ. Press},
	year = {2010},
	edition = {1. publ.},
	isbn = {978-0-521-87415-1},
	size = {XII, 433 S. : graph. Darst.},
	keywords = { ; Übersetzung / Automation / Maschinelle Übersetzung / Sprachstatistik ; Übersetzungswissenschaft},
	note = {Hier auch später erschienene, unveränderte Nachdrucke},
	bestand = {Universitätsbibliothek Tübingen <21> [Signatur: inf W 1040];
	Universität Tübingen, Brechtbau-Bibliothek <21/108> [Signatur: GD 950.237];
	Saarländische Universitäts- und Landesbibliothek <291> [Signatur: 4 2010-383];
	Universität des Saarlandes, <291/308> [Signatur: SLT MATR 5759];
	Sächsische Landesbibliothek - Staats- und Universitätsbibliothek <14>;
	Universitätsbibliothek Heidelberg <16> [Signatur: 2010 A 1103];
	Universität Heidelberg, Bibliothek der Fakultät für Mathematik <16/7> [Signatur: CL Ling KOE 172/1];
	Karlsruher Institut für Technologie (KIT) - KIT-Bibliothek <90> [Signatur: 2010 E 4];
	KIT, Campus Süd, Bibliothek der Fakultät für Informatik <90/148>;
	Universitätsbibliothek Stuttgart <93>;
	Oberwolfach, Mathematisches Forschungsinstitut Oberwolfach <Frei 3c> [Signatur: M/Koehn, P];
	Institut für Deutsche Sprache (IDS), Bibliothek <Mh 39>;
	},
	URL = {http://digitool.hbz-nrw.de:1801/webclient/DeliveryManager?pid=3628212}
}
		
		
	